<?xml version="1.0" encoding="UTF-8"?><collection xmlns="http://www.loc.gov/MARC21/slim"><record><leader>00520nam--2200181-i-4500</leader><controlfield tag="001">000036752</controlfield><controlfield tag="002">20161230</controlfield><controlfield tag="005">20161230201041</controlfield><controlfield tag="008">060222s1000------------r-----000-0-rum-d</controlfield><datafield ind1=" " ind2=" " tag="040"><subfield code="a">IFIN-HH</subfield></datafield><datafield ind1=" " ind2=" " tag="041"><subfield code="a">rum</subfield></datafield><datafield ind1=" " ind2=" " tag="080"><subfield code="a">621.374.3:539.1.074.55</subfield></datafield><datafield ind1="1" ind2=" " tag="100"><subfield code="a">Poenaru, Dorin N</subfield></datafield><datafield ind1="1" ind2="0" tag="245"><subfield code="a">Impulsurile detectoarelor de radiatii nucleare cu semiconductoare</subfield><subfield code="c">Dorin n. poenaru</subfield></datafield><datafield ind1=" " ind2=" " tag="260"><subfield code="a">Bucuresti</subfield><subfield code="b">Editura Academiei Rsr</subfield><subfield code="c">1968</subfield></datafield><datafield ind1=" " ind2=" " tag="300"><subfield code="a">283P</subfield></datafield><datafield ind1=" " ind2=" " tag="852"><subfield code="a">29703</subfield><subfield code="c">539.1.07:539.1.08</subfield></datafield><datafield ind1=" " ind2=" " tag="CAT"><subfield code="a">Sys</subfield><subfield code="c">20111021</subfield><subfield code="h">115148</subfield></datafield></record></collection>